<?xml version="1.0" encoding="UTF-8"?><collection xmlns="http://www.loc.gov/MARC21/slim"><record><leader>00574nam--2200181-u-4500</leader><controlfield tag="001">000056639</controlfield><controlfield tag="002">20161230</controlfield><controlfield tag="005">20161230201052</controlfield><controlfield tag="008">160404s1000------------r-----000-0-eng-d</controlfield><datafield ind1=" " ind2=" " tag="040"><subfield code="a">IFIN-HH</subfield></datafield><datafield ind1=" " ind2=" " tag="080"><subfield code="a">53</subfield></datafield><datafield ind1="1" ind2=" " tag="100"><subfield code="a">Fromm, E</subfield></datafield><datafield ind1="1" ind2="0" tag="245"><subfield code="a">ZAED GASES AND CARBON IN METALS. (THERMODYNAMICS, KINETICS AND PROPERTIES). PT XVI. FERROUS METALS (4) IRON-OXYGEN (Fe-O)</subfield><subfield code="c">E. fromm, h.speck, w.hehn, h. jehn, g.horz</subfield></datafield><datafield ind1=" " ind2=" " tag="260"><subfield code="a">Karlsruhe</subfield><subfield code="b">Fachinformationszentrum</subfield><subfield code="c">1982</subfield></datafield><datafield ind1=" " ind2=" " tag="300"><subfield code="a">81P</subfield></datafield><datafield ind1=" " ind2=" " tag="490"><subfield code="a">Physik Daten Physics Data 5-16 1982</subfield></datafield><datafield ind1="1" ind2=" " tag="700"><subfield code="a">Horz, G</subfield></datafield><datafield ind1=" " ind2=" " tag="852"><subfield code="a">47445</subfield></datafield></record></collection>